@article{crowdiq,
author = {Du, Qianzhou and Wang, Pingyuan and Fan, Weiguo and Wang, G Alan},
file = {:Users/joeywatts/Documents/VT/Spring2017/Capstone/ResearchPapers/crowdiq.pdf:pdf},
isbn = {9780998133102},
journal = {Proceedings of the 50th Hawaii International Conference on System Sciences},
pages = {1737--1744},
title = {{CrowdIQ : A New Opinion Aggregation Model}},
year = {2017}
}
@online{wrds,
author = {The Wharton School},
title = {Wharton Research Data Services},
year = 2017,
url = {https://wrds-web.wharton.upenn.edu/wrds/},
urldate = {2017-03-17}
}